@book{queneau1947exercises,
  title={Exercises de style},
  author={Queneau, R.},
  lccn={47007229},
  year={1947},
  publisher={Gallimard}
}

@book{queneau1983esercizi,
  title={Esercizi di stile},
  author={Queneau, R. and Eco, U.},
  isbn={9788806056209},
  series={Gli Struzzi},
  year={1983},
  publisher={Einaudi}
}

@book{queneau1958exercises,
  title={Exercises in style},
  author={Queneau, R. and Wright, B.},
  year={1958},
  publisher={Gaberbocchus Press}
}

@inproceedings{Miaschi20,
  author       = {Alessio Miaschi and
                  Chiara Alzetta and
                  Dominique Brunato and
                  Felice Dell'Orletta and
                  Giulia Venturi},
  editor       = {Johanna Monti and
                  Felice Dell'Orletta and
                  Fabio Tamburini},
  title        = {Is Neural Language Model Perplexity Related to Readability?},
  booktitle    = {Proceedings of the Seventh Italian Conference on Computational Linguistics,
                  CLiC-it 2020, Bologna, Italy, March 1-3, 2021},
  series       = {{CEUR} Workshop Proceedings},
  volume       = {2769},
  publisher    = {CEUR-WS.org},
  year         = {2020},
  timestamp    = {Fri, 10 Mar 2023 16:22:17 +0100},
  biburl       = {https://dblp.org/rec/conf/clic-it/MiaschiABDV20.bib},
  bibsource    = {dblp computer science bibliography, https://dblp.org}
}

@inproceedings{DellOrletta11,
  author       = {Felice Dell'Orletta and
                  Simonetta Montemagni and
                  Giulia Venturi},
  editor       = {Norman Alm},
  title        = {{READ-IT:} Assessing Readability of Italian Texts with a View to Text
                  Simplification},
  booktitle    = {Proceedings of the Second Workshop on Speech and Language Processing
                  for Assistive Technologies, {SLPAT} 2011, Edinburgh, Scotland, UK,
                  July 30, 2011},
  pages        = {73--83},
  publisher    = {Association for Computational Linguistics},
  year         = {2011},
  timestamp    = {Wed, 01 Jun 2022 15:59:15 +0200},
  biburl       = {https://dblp.org/rec/conf/slpat/DellOrlettaMV11.bib},
  bibsource    = {dblp computer science bibliography, https://dblp.org}
}

@article{flesch1948new,
  title={A new readability yardstick.},
  author={Flesch, Rudolph},
  journal={Journal of applied psychology},
  volume={32},
  number={3},
  pages={221},
  year={1948},
  publisher={American Psychological Association}
}

@article{collins2014computational,
  title={Computational assessment of text readability: A survey of current and future research},
  author={Collins-Thompson, Kevyn},
  journal={ITL-International Journal of Applied Linguistics},
  volume={165},
  number={2},
  pages={97--135},
  year={2014},
  publisher={John Benjamins}
}

@article{vajjala2021trends,
  title={Trends, limitations and open challenges in automatic readability assessment research},
  author={Vajjala, Sowmya},
  journal={arXiv preprint arXiv:2105.00973},
  year={2021}
}

@article{hayati2021does,
  title={Does bert learn as humans perceive? understanding linguistic styles through lexica},
  author={Hayati, Shirley Anugrah and Kang, Dongyeop and Ungar, Lyle},
  journal={arXiv preprint arXiv:2109.02738},
  year={2021}
}

@inproceedings{krishna23,
 author = {Krishna, Kalpesh and Song, Yixiao and Karpinska, Marzena and Wieting, John and Iyyer, Mohit},
 booktitle = {Advances in Neural Information Processing Systems},
 editor = {A. Oh and T. Naumann and A. Globerson and K. Saenko and M. Hardt and S. Levine},
 pages = {27469--27500},
 publisher = {Curran Associates, Inc.},
 title = {Paraphrasing evades detectors of AI-generated text, but retrieval is an effective defense},
 volume = {36},
 year = {2023}
}

@misc{polignano2024advancednaturalbasedinteractionitalian,
      title={Advanced Natural-based interaction for the ITAlian language: LLaMAntino-3-ANITA}, 
      author={Marco Polignano and Pierpaolo Basile and Giovanni Semeraro},
      year={2024},
      eprint={2405.07101},
      archivePrefix={arXiv},
      primaryClass={cs.CL},
}
@book{erasmus1512,
  title={De Utraque Verborum ac Rerum Copia},
  author={Erasmus, Desiderius},
  year={1512}
}

@inproceedings{krishna-etal-2020-reformulating,
    title = "Reformulating Unsupervised Style Transfer as Paraphrase Generation",
    author = "Krishna, Kalpesh  and
      Wieting, John  and
      Iyyer, Mohit",
    editor = "Webber, Bonnie  and
      Cohn, Trevor  and
      He, Yulan  and
      Liu, Yang",
    booktitle = "Proceedings of the 2020 Conference on Empirical Methods in Natural Language Processing (EMNLP)",
    month = nov,
    year = "2020",
    address = "Online",
    publisher = "Association for Computational Linguistics",
    url = "https://aclanthology.org/2020.emnlp-main.55",
    doi = "10.18653/v1/2020.emnlp-main.55",
    pages = "737--762",
}

@inproceedings{qi-etal-2021-mind,
    title = "Mind the Style of Text! Adversarial and Backdoor Attacks Based on Text Style Transfer",
    author = "Qi, Fanchao  and
      Chen, Yangyi  and
      Zhang, Xurui  and
      Li, Mukai  and
      Liu, Zhiyuan  and
      Sun, Maosong",
    editor = "Moens, Marie-Francine  and
      Huang, Xuanjing  and
      Specia, Lucia  and
      Yih, Scott Wen-tau",
    booktitle = "Proceedings of the 2021 Conference on Empirical Methods in Natural Language Processing",
    month = nov,
    year = "2021",
    address = "Online and Punta Cana, Dominican Republic",
    publisher = "Association for Computational Linguistics",
    url = "https://aclanthology.org/2021.emnlp-main.374",
    doi = "10.18653/v1/2021.emnlp-main.374",
    pages = "4569--4580",
}