@article{goyal-etal-2022-flores,
    title = "The {F}lores-101 Evaluation Benchmark for Low-Resource and Multilingual Machine Translation",
    author = "Goyal, Naman  and
      Gao, Cynthia  and
      Chaudhary, Vishrav  and
      Chen, Peng-Jen  and
      Wenzek, Guillaume  and
      Ju, Da  and
      Krishnan, Sanjana  and
      Ranzato, Marc{'}Aurelio  and
      Guzm{\'a}n, Francisco  and
      Fan, Angela",
    journal = "Transactions of the Association for Computational Linguistics",
    volume = "10",
    year = "2022",
    address = "Cambridge, MA",
    publisher = "MIT Press",
    url = "https://aclanthology.org/2022.tacl-1.30",
    doi = "10.1162/tacl_a_00474",
    pages = "522--538",
}


@inproceedings{muller-etal-2021-unseen,
    title = "When Being Unseen from m{BERT} is just the Beginning: Handling New Languages With Multilingual Language Models",
    author = "Muller, Benjamin  and
      Anastasopoulos, Antonios  and
      Sagot, Beno{\^\i}t  and
      Seddah, Djam{\'e}",
    booktitle = "Proceedings of the 2021 Conference of the North American Chapter of the Association for Computational Linguistics: Human Language Technologies",
    month = jun,
    year = "2021",
    address = "Online",
    publisher = "Association for Computational Linguistics",
    url = "https://aclanthology.org/2021.naacl-main.38",
    doi = "10.18653/v1/2021.naacl-main.38",
    pages = "448--462",
}


@inproceedings{joshi-etal-2020-state,
    title = "The State and Fate of Linguistic Diversity and Inclusion in the {NLP} World",
    author = "Joshi, Pratik  and
      Santy, Sebastin  and
      Budhiraja, Amar  and
      Bali, Kalika  and
      Choudhury, Monojit",
    booktitle = "Proceedings of the 58th Annual Meeting of the Association for Computational Linguistics",
    month = jul,
    year = "2020",
    address = "Online",
    publisher = "Association for Computational Linguistics",
    url = "https://aclanthology.org/2020.acl-main.560",
    doi = "10.18653/v1/2020.acl-main.560",
    pages = "6282--6293",
}

@inproceedings{ranathunga-de-silva-2022-languages,
    title = "Some Languages are More Equal than Others: Probing Deeper into the Linguistic Disparity in the {NLP} World",
    author = "Ranathunga, Surangika  and
      de Silva, Nisansa",
    booktitle = "Proceedings of the 2nd Conference of the Asia-Pacific Chapter of the Association for Computational Linguistics and the 12th International Joint Conference on Natural Language Processing (Volume 1: Long Papers)",
    month = nov,
    year = "2022",
    address = "Online only",
    publisher = "Association for Computational Linguistics",
    url = "https://aclanthology.org/2022.aacl-main.62",
    pages = "823--848",
}


@inproceedings{simons-etal-2022-assessing,
    title = "Assessing Digital Language Support on a Global Scale",
    author = "Simons, Gary F.  and
      Thomas, Abbey L. L.  and
      White, Chad K. K.",
    booktitle = "Proceedings of the 29th International Conference on Computational Linguistics",
    month = oct,
    year = "2022",
    address = "Gyeongju, Republic of Korea",
    publisher = "International Committee on Computational Linguistics",
    url = "https://aclanthology.org/2022.coling-1.379",
    pages = "4299--4305",
}
